%YAML 1.1
%TAG !u! tag:unity3d.com,2011:
--- !u!1001 &100100000
Prefab:
  m_ObjectHideFlags: 1
  serializedVersion: 2
  m_Modification:
    m_TransformParent: {fileID: 0}
    m_Modifications: []
    m_RemovedComponents: []
  m_SourcePrefab: {fileID: 0}
  m_RootGameObject: {fileID: 1587975459252046}
  m_IsPrefabAsset: 1
--- !u!1 &1012870008338368
GameObject:
  m_ObjectHideFlags: 0
  m_CorrespondingSourceObject: {fileID: 0}
  m_PrefabInternal: {fileID: 100100000}
  serializedVersion: 6
  m_Component:
  - component: {fileID: 4490015882518158}
  m_Layer: 0
  m_Name: Interaction Point
  m_TagString: Untagged
  m_Icon: {fileID: 0}
  m_NavMeshLayer: 0
  m_StaticEditorFlags: 0
  m_IsActive: 1
--- !u!1 &1587975459252046
GameObject:
  m_ObjectHideFlags: 0
  m_CorrespondingSourceObject: {fileID: 0}
  m_PrefabInternal: {fileID: 100100000}
  serializedVersion: 6
  m_Component:
  - component: {fileID: 4107122503941608}
  - component: {fileID: 33024194490995618}
  - component: {fileID: 23415197468842450}
  - component: {fileID: 95314872726997646}
  - component: {fileID: 65388910239642264}
  - component: {fileID: 114636696964415698}
  - component: {fileID: 114830924427109918}
  - component: {fileID: 114069880181963540}
  - component: {fileID: 114639068016308328}
  m_Layer: 0
  m_Name: Ancient Temple
  m_TagString: Untagged
  m_Icon: {fileID: 0}
  m_NavMeshLayer: 0
  m_StaticEditorFlags: 0
  m_IsActive: 1
--- !u!4 &4107122503941608
Transform:
  m_ObjectHideFlags: 1
  m_CorrespondingSourceObject: {fileID: 0}
  m_PrefabInternal: {fileID: 100100000}
  m_GameObject: {fileID: 1587975459252046}
  m_LocalRotation: {x: 0, y: 0, z: 0, w: 1}
  m_LocalPosition: {x: 0, y: 0, z: 0}
  m_LocalScale: {x: 0.25, y: 0.25, z: 0.25}
  m_Children:
  - {fileID: 4490015882518158}
  m_Father: {fileID: 0}
  m_RootOrder: 0
  m_LocalEulerAnglesHint: {x: 0, y: 0, z: 0}
--- !u!4 &4490015882518158
Transform:
  m_ObjectHideFlags: 1
  m_CorrespondingSourceObject: {fileID: 0}
  m_PrefabInternal: {fileID: 100100000}
  m_GameObject: {fileID: 1012870008338368}
  m_LocalRotation: {x: 0, y: 0, z: 0, w: 1}
  m_LocalPosition: {x: 0, y: 0, z: -0}
  m_LocalScale: {x: 1, y: 1, z: 1}
  m_Children: []
  m_Father: {fileID: 4107122503941608}
  m_RootOrder: 0
  m_LocalEulerAnglesHint: {x: 0, y: 0, z: 0}
--- !u!23 &23415197468842450
MeshRenderer:
  m_ObjectHideFlags: 1
  m_CorrespondingSourceObject: {fileID: 0}
  m_PrefabInternal: {fileID: 100100000}
  m_GameObject: {fileID: 1587975459252046}
  m_Enabled: 1
  m_CastShadows: 1
  m_ReceiveShadows: 1
  m_DynamicOccludee: 1
  m_MotionVectors: 1
  m_LightProbeUsage: 1
  m_ReflectionProbeUsage: 1
  m_RenderingLayerMask: 4294967295
  m_Materials:
  - {fileID: 2100000, guid: 7a11aafb719d9cc448efb2d407ba0b4f, type: 2}
  m_StaticBatchInfo:
    firstSubMesh: 0
    subMeshCount: 0
  m_StaticBatchRoot: {fileID: 0}
  m_ProbeAnchor: {fileID: 0}
  m_LightProbeVolumeOverride: {fileID: 0}
  m_ScaleInLightmap: 1
  m_PreserveUVs: 0
  m_IgnoreNormalsForChartDetection: 0
  m_ImportantGI: 0
  m_StitchLightmapSeams: 0
  m_SelectedEditorRenderState: 3
  m_MinimumChartSize: 4
  m_AutoUVMaxDistance: 0.5
  m_AutoUVMaxAngle: 89
  m_LightmapParameters: {fileID: 0}
  m_SortingLayerID: 0
  m_SortingLayer: 0
  m_SortingOrder: 0
--- !u!33 &33024194490995618
MeshFilter:
  m_ObjectHideFlags: 1
  m_CorrespondingSourceObject: {fileID: 0}
  m_PrefabInternal: {fileID: 100100000}
  m_GameObject: {fileID: 1587975459252046}
  m_Mesh: {fileID: 4300000, guid: 5db61a768f827484a945812bbbfc09c3, type: 3}
--- !u!65 &65388910239642264
BoxCollider:
  m_ObjectHideFlags: 1
  m_CorrespondingSourceObject: {fileID: 0}
  m_PrefabInternal: {fileID: 100100000}
  m_GameObject: {fileID: 1587975459252046}
  m_Material: {fileID: 0}
  m_IsTrigger: 0
  m_Enabled: 1
  serializedVersion: 2
  m_Size: {x: 3.53, y: 6.98, z: 3.54}
  m_Center: {x: -0.00051641464, y: 3.52, z: 0}
--- !u!95 &95314872726997646
Animator:
  serializedVersion: 3
  m_ObjectHideFlags: 1
  m_CorrespondingSourceObject: {fileID: 0}
  m_PrefabInternal: {fileID: 100100000}
  m_GameObject: {fileID: 1587975459252046}
  m_Enabled: 1
  m_Avatar: {fileID: 9000000, guid: 8055db02253e51a408f6db10ed50b6d5, type: 3}
  m_Controller: {fileID: 0}
  m_CullingMode: 0
  m_UpdateMode: 0
  m_ApplyRootMotion: 0
  m_LinearVelocityBlending: 0
  m_WarningMessage: 
  m_HasTransformHierarchy: 1
  m_AllowConstantClipSamplingOptimization: 1
  m_KeepAnimatorControllerStateOnDisable: 0
--- !u!114 &114069880181963540
MonoBehaviour:
  m_ObjectHideFlags: 1
  m_CorrespondingSourceObject: {fileID: 0}
  m_PrefabInternal: {fileID: 100100000}
  m_GameObject: {fileID: 1587975459252046}
  m_Enabled: 0
  m_EditorHideFlags: 0
  m_Script: {fileID: 11500000, guid: 7ca8bae6fe6d47146a943ff711db024d, type: 3}
  m_Name: 
  m_EditorClassIdentifier: 
  Mode: 1
  Thickness: 12
  OutlineColor:
    serializedVersion: 2
    rgba: 4278252287
  AffectChildren: 1
  ExcludeParticleSystems: 1
--- !u!114 &114636696964415698
MonoBehaviour:
  m_ObjectHideFlags: 1
  m_CorrespondingSourceObject: {fileID: 0}
  m_PrefabInternal: {fileID: 100100000}
  m_GameObject: {fileID: 1587975459252046}
  m_Enabled: 0
  m_EditorHideFlags: 0
  m_Script: {fileID: 11500000, guid: 0b130f358dcb26548b2ff0923d496dc6, type: 3}
  m_Name: 
  m_EditorClassIdentifier: 
  team: 0
  shapeType: 0
  offset: {x: 0, y: 0}
  radius: 0
  innerRadius: 1
  angle: 180
  texture: {fileID: 0}
  rotateToForward: 0
  lineOfSightMask:
    serializedVersion: 2
    m_Bits: 0
  lineOfSightPenetration: 0
  cellBased: 0
  antiFlicker: 0
--- !u!114 &114639068016308328
MonoBehaviour:
  m_ObjectHideFlags: 1
  m_CorrespondingSourceObject: {fileID: 0}
  m_PrefabInternal: {fileID: 100100000}
  m_GameObject: {fileID: 1587975459252046}
  m_Enabled: 0
  m_EditorHideFlags: 0
  m_Script: {fileID: 11500000, guid: 20bcd6bb759fd4442ab9af61d2d81b37, type: 3}
  m_Name: 
  m_EditorClassIdentifier: 
  Duration: 1
  Delay: 0
  LoopMode: 2
  WrapMode: 1
  reversed: 0
  AnimateChildren: 1
  StartTransitionMode: 1
  AfterTransition: 0
  InProgress: 0
  AnimationComplete: 0
  OnStart:
    m_PersistentCalls:
      m_Calls: []
    m_TypeName: PropertyAnimatorEvent, Assembly-CSharp, Version=0.0.0.0, Culture=neutral,
      PublicKeyToken=null
  OnEnd:
    m_PersistentCalls:
      m_Calls: []
    m_TypeName: PropertyAnimatorEvent, Assembly-CSharp, Version=0.0.0.0, Culture=neutral,
      PublicKeyToken=null
  Colors:
    serializedVersion: 2
    key0: {r: 1, g: 1, b: 1, a: 1}
    key1: {r: 1, g: 1, b: 0, a: 1}
    key2: {r: 0, g: 0, b: 0, a: 0}
    key3: {r: 0, g: 0, b: 0, a: 0}
    key4: {r: 0, g: 0, b: 0, a: 0}
    key5: {r: 0, g: 0, b: 0, a: 0}
    key6: {r: 0, g: 0, b: 0, a: 0}
    key7: {r: 0, g: 0, b: 0, a: 0}
    ctime0: 0
    ctime1: 65150
    ctime2: 0
    ctime3: 0
    ctime4: 0
    ctime5: 0
    ctime6: 0
    ctime7: 0
    atime0: 0
    atime1: 65535
    atime2: 0
    atime3: 0
    atime4: 0
    atime5: 0
    atime6: 0
    atime7: 0
    m_Mode: 0
    m_NumColorKeys: 2
    m_NumAlphaKeys: 2
  UseSharedMaterials: 0
  Target: 0
  MixMode: 1
  MaterialProperty: 0
  MaterialPropertyName: 
  ExcludeParticleSystems: 1
  CurrentColorEditor: {r: 0, g: 0, b: 0, a: 1}
--- !u!114 &114830924427109918
MonoBehaviour:
  m_ObjectHideFlags: 1
  m_CorrespondingSourceObject: {fileID: 0}
  m_PrefabInternal: {fileID: 100100000}
  m_GameObject: {fileID: 1587975459252046}
  m_Enabled: 1
  m_EditorHideFlags: 0
  m_Script: {fileID: 11500000, guid: 84ca4dca837f75649a8ce5d658c5f903, type: 3}
  m_Name: 
  m_EditorClassIdentifier: 
  interactionTransform: {fileID: 4490015882518158}
  radius: 2
  colorTransition: {fileID: 114639068016308328}
  outline: {fileID: 114069880181963540}
  defaultColor: {r: 1, g: 1, b: 1, a: 0}
